<?xml version="1.0" encoding="UTF-8"?><record xmlns="http://www.loc.gov/MARC21/slim" xmlns:cinclude="http://apache.org/cocoon/include/1.0" xmlns:zs="http://www.loc.gov/zing/srw/">
  <leader>00654cz  a2200157n  4500</leader>
  <controlfield tag="001">n 2012038858</controlfield>
  <controlfield tag="003">DLC</controlfield>
  <controlfield tag="005">20130314092512.0</controlfield>
  <controlfield tag="008">120611n| acannaabn          |b ana      </controlfield>
  <datafield tag="010" ind1=" " ind2=" ">
    <subfield code="a">n 2012038858</subfield>
  </datafield>
  <datafield tag="040" ind1=" " ind2=" ">
    <subfield code="a">DLC</subfield>
    <subfield code="b">eng</subfield>
    <subfield code="c">DLC</subfield>
    <subfield code="d">DLC</subfield>
  </datafield>
  <datafield tag="110" ind1="2" ind2=" ">
    <subfield code="a">Chiiki Kea Seisaku Nettowāku</subfield>
  </datafield>
  <datafield tag="410" ind1="2" ind2=" ">
    <subfield code="a">Tokutei Hi Eiri Katsudō Hōjin Chiiki Kea Seisaku Nettowāku</subfield>
  </datafield>
  <datafield tag="410" ind1="2" ind2=" ">
    <subfield code="a">地域ケア政策ネットワーク</subfield>
  </datafield>
  <datafield tag="667" ind1=" " ind2=" ">
    <subfield code="a">Non-Latin script reference not evaluated</subfield>
  </datafield>
  <datafield tag="670" ind1=" " ind2=" ">
    <subfield code="a">Kaigo seisaku hyōka shisutemu shiryō, 2011:</subfield>
    <subfield code="b">t.p. (特定非営利活動法人地域ケア政策ネットワーク = Tokutei Hi Eiri Katsudō Hōjin Chiiki Kea Seisaku Nettowāku)</subfield>
  </datafield>
</record>